<record><leader>00000cas a22000007a 4500</leader><controlfield tag="001">12205819</controlfield><controlfield tag="008">850627d18941940iauwr ne      0    0eng d</controlfield><datafield ind1=" " ind2=" " tag="010"><subfield code="a">sn 85049653 </subfield></datafield><datafield ind1=" " ind2=" " tag="040"><subfield code="a">INP</subfield><subfield code="b">eng</subfield><subfield code="c">INP</subfield><subfield code="d">OCLCQ</subfield></datafield><datafield ind1=" " ind2=" " tag="042"><subfield code="a">msc</subfield></datafield><datafield ind1="0" ind2="4" tag="245"><subfield code="a">The Stanwood herald.</subfield></datafield><datafield ind1=" " ind2=" " tag="260"><subfield code="a">Stanwood, Iowa :</subfield><subfield code="b">J.N. Boling</subfield></datafield><datafield ind1=" " ind2=" " tag="300"><subfield code="a">v. ;</subfield><subfield code="c">63 cm.</subfield></datafield><datafield ind1=" " ind2=" " tag="310"><subfield code="a">Weekly</subfield></datafield><datafield ind1="1" ind2=" " tag="362"><subfield code="a">Began in 1894; ceased in 1940.</subfield><subfield code="z">Cf. Bibl. of Iowa newspapers.</subfield></datafield><datafield ind1=" " ind2=" " tag="515"><subfield code="a">Vol. 9, no. 14 (July 31, 1902)-v. 9, no. 47 (Mar. 26, 1903) misnumbered Vol. 9, no. 12-v. 9, no. 45.</subfield></datafield><datafield ind1=" " ind2=" " tag="515"><subfield code="a">Issues for Apr. 1903 numbered only Vol. 9.</subfield></datafield><datafield ind1=" " ind2=" " tag="515"><subfield code="a">Vol. 15, no. 24 (Dec. 24, 1908)-v. 15, no. 27 (Jan. 14, 1909) misnumbered Vol. 15, no. 14-v. 15, no. 17.</subfield></datafield><datafield ind1=" " ind2=" " tag="588"><subfield code="a">Description based on: Vol. 9, no. 1 (May 1, 1902).</subfield></datafield><datafield ind1="0" ind2="7" tag="785"><subfield code="t">Pioneer-press (Mechanicsville, Iowa)</subfield><subfield code="w">(DLC)sn 85049652</subfield></datafield><datafield ind1="0" ind2="7" tag="785"><subfield code="t">Pioneer-press and Stanwood herald</subfield><subfield code="w">(DLC)sn 85049654</subfield></datafield></record>